<?xml version="1.0" encoding="UTF-8"?><collection xmlns="http://www.loc.gov/MARC21/slim"><record><leader>00308nam--2200109-i-4500</leader><controlfield tag="001">000046666</controlfield><controlfield tag="002">20161230</controlfield><controlfield tag="005">20161230201046</controlfield><controlfield tag="008">060222s1000------------r-----000-0-eng-d</controlfield><datafield ind1=" " ind2=" " tag="100"><subfield code="a">Vlad,V.I.., Ovstrovskaya,G.V</subfield></datafield><datafield ind1=" " ind2=" " tag="245"><subfield code="a">Picosicond generatiion of conjugate waverronts in linbo3 crystals at 530 nm</subfield></datafield><datafield ind1=" " ind2=" " tag="852"><subfield code="a">59583</subfield></datafield></record></collection>